@online{gravitace,
title = { Wolfram|Alpha Widget: Gravitational Fields },
url = {http://goo.gl/dtWkdT},
OPTurldate = {2016-04-06},
}

@book{table,
author = {Jaromír BROŽ and Vladimír ROSKOVEC and Miloslav VALOUCH},
title = {Fyzikální a matematické tabulky},
date = {1980},
publisher = {SNTL},
location = {Praha},
}

@book{prakt,
author = {Jiří ENGLICH},
title = {Úvod do praktické fyziky I},
date = {2006},
subtitle = {Zpracování výsledk? m??ení},
publisher = {MATFYZPRESS},
location = {Praha},
isbn = {80-86732-93-2},
}

@book{mechanika,
author = {Jozef KVASNICA and Antonín HAVRÁNEK and Pavel LUKÁČ and Boris SPRUŠIL},
title = {Mechanika},
date = {2004},
publisher = {Academia},
location = {Praha},
isbn = {80-200-1268-0},
}

@online{skripta,
ALTauthor = {author},
ALTeditor = {editor},
title = {Základní fyzikální praktikum | Helium-Neonový laser},
urldate = {2017-04-20},
url = {http://physics.mff.cuni.cz/vyuka/zfp/_media/zadani/texty/txt_328.pdf},
}

@online{div,
ALTauthor = {author},
ALTeditor = {editor},
title = {Základní fyzikální praktikum | Stavba Michelsonova interferometru a ověření jeho funkce},
urldate = {2017-04-20},
url = {http://physics.mff.cuni.cz/vyuka/zfp/_media/zadani/pokyny/mereni_320.pdf},
}